
@TECHREPORT{dev-launch-vehicles,
  author = {Daniel P. Murray and Terry L. Hardy},
  title = {Developing safety-critical software requirements for commercial reusable
	launch vehicles},
  institution = {Federal Aviation Administration, Washington, DC},
  year = {2009},
  howpublished = {http://www.faa.gov/about/office_org/headquarters_offices/ast/reports_studies/media/DMurray_SW%20REQTS_IAASS07_FINAL.pdf},
  owner = {---},
  timestamp = {2012.08.18}
}


@ARTICLE{sgtld-image,
  author = {S. Kishore and A. Ashok Kumar and S. Chandramouli and B.K. Nashine
	and K.K. Rajan and P. Kalyanasundaram and S.C. Chetal},
  title = {An experimental study on impingement wastage of Mod 9Cr 1Mo steel
	due to sodium water reaction},
  journal = {Nuclear Engineering and Design},
  year = {2012},
  volume = {243},
  pages = {49 - 55},
  number = {0},
  doi = {10.1016/j.nucengdes.2011.11.008},
  issn = {0029-5493},
  url = {http://www.sciencedirect.com/science/article/pii/S0029549311009812}
}
